 @article{maierhoferCoFD,
  title={Classification of functional data - interpretable ensemble approaches.},
  author={Maierhofer, Thomas},
  journal={MS thesis. Ludwig-Maximilians-Universit\"at, M\"unchen},
  year={2017},
  note={Available at \url{https://epub.ub.uni-muenchen.de/41008/}}
}

@article{shannon,
  title={Communication Theory of Secrecy Systems},
  author={Shannon, Claude E},
  journal={Bell system technical journal},
  volume={27},
  pages={379â€“-423},
  year={1948},
  publisher={Bell System Technical Journal}
}

@inproceedings{renyi1961measures,
  title={On measures of entropy and information},
  author={R{\'e}nyi, Alfr{\'e}d and others},
  booktitle={Proceedings of the Fourth Berkeley Symposium on Mathematical Statistics and Probability, Volume 1: Contributions to the Theory of Statistics},
  year={1961},
  organization={The Regents of the University of California}
}